@article{Fielding2000,
  	author  = {Fielding, Roy T.}, 
  	title   = {Architectural Styles and the Design of Network-based Software Architectures},
  	year    = {2000},
	NOTE         = "Online erhältlich unter
                 		 \url{https://ics.uci.edu/~fielding/pubs/dissertation/top.htm};
                  		abgerufen am 23. Juli 2024."
}
@misc{graphql,
  	author  = {{GraphQL Foundation}}, 
	year    = {2024},
  	title   = {What is the GraphQL Foundation?},
	HOWPUBLISHED = "Website",
	NOTE         = "Online erhältlich unter
                 		 \url{https://graphql.org/community/foundation/};
                  		abgerufen am 23. Juli 2024."
}

@article{graphqlreplacerest,
	author ={Vadlamani, Sri Lakshmi and Emdon, Benjamin and Arts, Joshua and Baysal, Olga},
	year = {2021},
	title = {Can GraphQL Replace REST? A Study of Their Efficiency and Viability},
	publisher = {IEEE Conference Publication | IEEE Xplore},
	NOTE         = "Online erhältlich unter
                 		 \url{https://ieeexplore.ieee.org/abstract/document/9474834};
                  		abgerufen am 23. Juli 2024."
}