@article{apimindset,
  	title        = {Developing the API Mindset: A guide to using Private, Partner and Public APIs},
  	author       = {Boyd, Mark},
 	howpublished = {\url{https://nordicapis.com/wp-content/uploads/developingtheapimindset.pdf}},
  	year         = 2015,
  	note         = "abgerufen am 03.. August 2024"
}

@misc{graficapitypes,
	title = {Why should I care about APIs},
	author = {FABERNOVEL},
	howpublished = {\url{https://de.slideshare.net/slideshow/why-shouldicareaboutap-is4/29185384}},
	year = 2013
}
@book{apistrategyguide,
	author    = "Jacobson, Daniel and Brail, Greg and Woods, Dan",
  	title     = "APIs: A Strategy Guide",
  	publisher = "O’Reilly Medi",
  	address   = "Sebastopol, CA",
	isbn = "978-1-449-30892-6",
  	year      = 2012,
	NOTE="978-1-449-30892-6"
}
@mastersthesis{TUM,
  author  = "Berke Gözneli",
  title   = "Identification and Evaluation of a Process for Transitioning from REST APIs to GraphQL APIs in the Context of Microservices Architecture",
  school  = "Technische Universität München",
  year    = 2020,
  address = "München, BY",
  month   = aug
}
@article{Fielding2000,
  	author  = {Fielding, Roy T.}, 
  	title   = {Architectural Styles and the Design of Network-based Software Architectures},
  	year    = {2000},
	NOTE         = "Online erhältlich unter
                 		 \url{https://ics.uci.edu/~fielding/pubs/dissertation/top.htm};
                  		abgerufen am 28. Juli 2024."
}
@article{graphqlreplacerest,
	author ={Vadlamani, Sri Lakshmi and Emdon, Benjamin and Arts, Joshua and Baysal, Olga},
	year = {2021},
	title = {Can GraphQL Replace REST? A Study of Their Efficiency and Viability},
	publisher = {IEEE Conference Publication | IEEE Xplore},
	NOTE         = "Online erhältlich unter
                 		 \url{https://ieeexplore.ieee.org/abstract/document/9474834};
                  		abgerufen am 28. Juli 2024."
}
